<marc:record xmlns:marc="http://www.loc.gov/MARC21/slim" xmlns:xsi="http://www.w3.org/2001/XMLSchema-instance" xsi:schemaLocation="http://www.loc.gov/MARC21/slim http://www.loc.gov/standards/marcxml/schema/MARC21slim.xsd">
  <marc:leader>     cam a2200265 a 45M</marc:leader>
  <marc:controlfield tag="001">001680182</marc:controlfield>
  <marc:controlfield tag="003">NNU</marc:controlfield>
  <marc:controlfield tag="005">19990309142300.0</marc:controlfield>
  <marc:controlfield tag="008">830915m18839999le            000 1 ara  </marc:controlfield>
  <marc:datafield tag="010" ind1=" " ind2=" ">
    <marc:subfield code="a">59036685</marc:subfield>
  </marc:datafield>
  <marc:datafield tag="035" ind1="9" ind2=" ">
    <marc:subfield code="a">NYUb12223582</marc:subfield>
  </marc:datafield>
  <marc:datafield tag="035" ind1=" " ind2=" ">
    <marc:subfield code="a">(ICU)hz2120791</marc:subfield>
  </marc:datafield>
  <marc:datafield tag="035" ind1=" " ind2=" ">
    <marc:subfield code="a">(CStRLIN)ILCGHZ2120791-B</marc:subfield>
  </marc:datafield>
  <marc:datafield tag="040" ind1=" " ind2=" ">
    <marc:subfield code="a">DLC</marc:subfield>
    <marc:subfield code="c">IUL</marc:subfield>
    <marc:subfield code="d">OCL</marc:subfield>
    <marc:subfield code="d">CGU</marc:subfield>
  </marc:datafield>
  <marc:datafield tag="050" ind1=" " ind2=" ">
    <marc:subfield code="a">PJ7601</marc:subfield>
    <marc:subfield code="b">.B4</marc:subfield>
  </marc:datafield>
  <marc:datafield tag="245" ind1="0" ind2="0">
    <marc:subfield code="a">Nukhab al-mulaḥ /</marc:subfield>
    <marc:subfield code="c">jamaʻaha Yuḥannā Bilū wa-Aghūstīnūs Rūdih.</marc:subfield>
  </marc:datafield>
  <marc:datafield tag="260" ind1=" " ind2=" ">
    <marc:subfield code="a">Bayrūt :</marc:subfield>
    <marc:subfield code="b">al-Maṭbaʻah al-Kāthūlīkīyah lil-Ābā' al-Yasūʻīyīn,</marc:subfield>
    <marc:subfield code="c">1883-</marc:subfield>
  </marc:datafield>
  <marc:datafield tag="300" ind1=" " ind2=" ">
    <marc:subfield code="a">v. in ;</marc:subfield>
    <marc:subfield code="c">20-23 cm.</marc:subfield>
  </marc:datafield>
  <marc:datafield tag="500" ind1=" " ind2=" ">
    <marc:subfield code="a">Vol. 1, pt. 2, 1883: Tabʻah 7.</marc:subfield>
  </marc:datafield>
  <marc:datafield tag="505" ind1="0" ind2=" ">
    <marc:subfield code="a">v. 1. Pt. 1. Ḥikāyāt adabīyah -- Pt. 2. Ḥikāyāt adabīyah wa-nawādir ḥikamīyah wa-ḥawādith tārīkhīyah --</marc:subfield>
  </marc:datafield>
  <marc:datafield tag="650" ind1=" " ind2="0">
    <marc:subfield code="a">Arabic literature.</marc:subfield>
  </marc:datafield>
  <marc:datafield tag="700" ind1="1" ind2=" ">
    <marc:subfield code="a">Belot, J. B.</marc:subfield>
    <marc:subfield code="q">(Jean Baptiste),</marc:subfield>
    <marc:subfield code="d">1822-1904.</marc:subfield>
  </marc:datafield>
  <marc:datafield tag="700" ind1="1" ind2=" ">
    <marc:subfield code="a">Rūdah, Aghustīnūs.</marc:subfield>
  </marc:datafield>
  <marc:datafield tag="950" ind1=" " ind2=" ">
    <marc:subfield code="l">BMAIN</marc:subfield>
    <marc:subfield code="a">PJ7601</marc:subfield>
    <marc:subfield code="b">.B43 1883</marc:subfield>
  </marc:datafield>
  <marc:datafield tag="955" ind1=" " ind2=" ">
    <marc:subfield code="l">BMAIN</marc:subfield>
    <marc:subfield code="c">1:v.1</marc:subfield>
    <marc:subfield code="r">028247818</marc:subfield>
  </marc:datafield>
  <marc:datafield tag="998" ind1=" " ind2=" ">
    <marc:subfield code="s">9115</marc:subfield>
  </marc:datafield>
</marc:record>
